@article{harris1913many,
	title={How many parts to make at once},
	author={Harris, Ford W},
	journal={Factory, the magazine of management},
	volume={10},
	number={2},
	pages={135--136},
	year={1913},
	publisher={JSTOR}
}

@article{wagner1958dynamic,
	title={Dynamic version of the economic lot size model},
	author={Wagner, Harvey M and Whitin, Thomson M},
	journal={Management science},
	volume={5},
	number={1},
	pages={89--96},
	year={1958},
	publisher={INFORMS}
}

@article{elmaghraby2003dynamic,
	title={Dynamic pricing in the presence of inventory considerations: Research overview, current practices, and future directions},
	author={Elmaghraby, Wedad and Keskinocak, P{\i}nar},
	journal={Management science},
	volume={49},
	number={10},
	pages={1287--1309},
	year={2003},
	publisher={INFORMS}
}

@article{scarf1963survey,
	title={A survey of analytic techniques in inventory theory},
	author={Scarf, Herbert E},
	journal={Multistage inventory models and techniques},
	volume={7},
	pages={185--225},
	year={1963},
	publisher={Chapter}
}

@book{arrow1958studies,
	title={Studies in the mathematical theory of inventory and production},
	author={Arrow, Kenneth Joseph},
	volume={1},
	year={1958},
	publisher={Stanford University Press}
}

@article{huh2011adaptive,
	title={Adaptive data-driven inventory control with censored demand based on Kaplan-Meier estimator},
	author={Huh, Woonghee Tim and Levi, Retsef and Rusmevichientong, Paat and Orlin, James B},
	journal={Operations research},
	volume={59},
	number={4},
	pages={929--941},
	year={2011},
	publisher={INFORMS}
}

@inproceedings{edoc2017pricewars,
	author={Serth, Sebastian and Podlesny, Nikolai and Bornstein, Marvin and Latt, Johanna and Lindemann, Jan and Selke, Jan and Schlosser, Rainer and Boissier, Martin and Uflacker, Matthias},
	title={An Interactive Platform to Simulate Dynamic Pricing Competition on Online Marketplaces},
	booktitle={21st {IEEE} International Enterprise Distributed Object Computing Conference, {EDOC} 2017, Qu\'ebec City, Canada, October 10-13, 2017},
	year={2017}
}
